@online{Java,
	author={Oracle},
	year={2013},
	url={http://www.java.com},
	urldate={2015-04-28}
}

@online{JDT,
	author={Eclipse},
	year={2013},
	url={http://www.eclipse.org/jdt},
	urldate={2015-04-28}
}

@online{JavaCC,
	author={Oracle},
	year={2006},
	url={https://javacc.java.net},
	urldate={2015-04-28}
}

@online{Eclipse,
	author={Eclipse},
	year={2013},
	url={http://eclipse.org/eclipse},
	urldate={2015-04-28}
}

@online{JavaScriptApi,
	author={Oracle},
	year={2014},
	url={https://www.jcp.org/en/jsr/detail?id=223},
	urldate={2015-04-28}
}

@online{xtext,
	author={Eclipse},
	year={2015},
	url={http://eclipse.org/Xtext/},
	urldate={2015-04-28}
}

@online{StackMachine,
	author={Wikipedia},
	year={2015},
	url={http://en.wikipedia.org/wiki/Stack_machine},
	urldate={2015-04-28}
}


@online{PageObject,
	author={Martin Fowler},
	year={2013},
	url={http://martinfowler.com/bliki/PageObject.html},
	urldate={2015-04-28}
}


